// books

@book{BurgessTextbook,
  title = {Collisionless {{Shocks}} in {{Space Plasmas}}: {{Structure}} and {{Accelerated Particles}}},
  shorttitle = {Collisionless {{Shocks}} in {{Space Plasmas}}},
  author = {Burgess, David and Scholer, Manfred},
  year = {2015},
  series = {Cambridge {{Atmospheric}} and {{Space Science Series}}},
  publisher = {Cambridge University Press},
  address = {Cambridge},
  doi = {10.1017/CBO9781139044097},
  urldate = {2024-12-26},
  isbn = {978-0-521-51459-0}
}

@book{FujiiTextbook,
  title = {流体力学の数値計算法},
  author = {藤井孝蔵},
  year = {1994},
  publisher = {東京大学出版会}
}

@book{LaneyTextbook,
  title = {Computational {{Gasdynamics}}},
  author = {Laney, Culbert B.},
  year = {1998},
  month = jun,
  publisher = {Cambridge University Press},
  doi = {10.1017/CBO9780511605604},
  isbn = {978-0-521-57069-5}
}

@book{LeVequeTextbook,
  title = {Numerical {{Methods}} for {{Conservation Laws}}},
  author = {LeVeque, Randall J.},
  year = {1990},
  publisher = {Springer Berlin Heidelberg},
  doi = {10.1007/978-3-0348-8629-1},
  isbn = {978-3-7643-2464-3}
}

@book{ToroTextbook,
  title = {Riemann {{Solvers}} and {{Numerical Methods}} for {{Fluid Dynamics}}},
  author = {Toro, Eleuterio F.},
  year = {2009},
  publisher = {Springer Berlin Heidelberg},
  doi = {10.1007/b79761},
  isbn = {978-3-540-25202-3}
}

// articles

@article{Mellott1984a,
  title = {The Structure of Oblique Subcritical Bow Shocks: {{ISEE}} 1 and 2 Observations},
  shorttitle = {The Structure of Oblique Subcritical Bow Shocks},
  author = {Mellott, M. M. and Greenstadt, E. W.},
  year = {1984},
  month = apr,
  journal = {Journal of Geophysical Research: Space Physics},
  volume = {89},
  number = {A4},
  pages = {2151--2161},
  issn = {0148-0227},
  doi = {10.1029/JA089iA04p02151},
  urldate = {2025-02-08},
  copyright = {http://onlinelibrary.wiley.com/termsAndConditions\#vor},
  langid = {english}
}

@article{Miyoshi2005a,
  title = {A Multi-State {{HLL}} Approximate {{Riemann}} Solver for Ideal Magnetohydrodynamics},
  author = {Miyoshi, Takahiro and Kusano, Kanya},
  year = {2005},
  month = sep,
  journal = {Journal of Computational Physics},
  volume = {208},
  number = {1},
  pages = {315--344},
  issn = {00219991},
  doi = {10.1016/j.jcp.2005.02.017},
  urldate = {2025-02-08},
  copyright = {https://www.elsevier.com/tdm/userlicense/1.0/},
  langid = {english}
}

@article{Matsumoto2019a,
  title = {Magnetohydrodynamic Simulation Code {{CANS}}+: {{Assessments}} and Applications},
  author = {Matsumoto, Yosuke and Asahina, Yuta and Kudoh, Yuki and Kawashima, Tomohisa and Matsumoto, Jin and Takahashi, Hiroyuki R. and Minoshima, Takashi and Zenitani, Seiji and Miyoshi, Takahiro and Matsumoto, Ryoji},
  date = {2019-08},
  journaltitle = {Publications of the Astronomical Society of Japan},
  volume = {71},
  number = {4},
  doi = {10.1093/pasj/psz064}
}
